
@article{cpcglob,
	title = {CPC Global Unified Temperature}
}
