@misc{GitHubCopilot,
  type = {Large language model},
  title = {{{GitHub Copilot}}},
  url = {https://github.com/features/copilot},
  abstract = {Large language model},
  organization = {GitHub, Inc.},
  version = {1.156.0.0}
}
